@article{dataset_survey,
title	= {Data and its (dis)contents: A survey of dataset development and use in machine learning research},
author	= {Amandalynne Paullada and Inioluwa Deborah Raji and Emily Bender and Emily Denton and Alex Hanna},
year	= {2021},
journal	= {Patterns}
}
